@article{big,
author = {Jass, Hugh},
title = {A big paper},
journal = {The journal of big papers},
year = 7991,
volume = {MCMXCVII},
}
@book{Creswell2014,
address = {Croydon},
author = {Creswell, John W.},
edition = {4th},
isbn = {978-1-4522},
publisher = {SAGE Publications, Inc.},
title = {{Research Design}},
year = {2014}
}

@book{book1,
author = {André Årnes},
edition = {1st},
publisher = {John Wiley \& Sons Ltd},
title = {{Digital Forensics}},
year = {2018}
}


@book{budapest,
author = {Council of Europe},
title = {Convention On Cybercrime - Budapest, 23.XI.2001},
publisher = {European Treaty Series No. 185},
year = {2001},
month = {November},
day = {23},

}